@inproceedings{movie-story,
  title={Aligning books and movies: Towards story-like visual explanations by watching movies and reading books},
  author={Zhu, Yukun and Kiros, Ryan and Zemel, Rich and Salakhutdinov, Ruslan and Urtasun, Raquel and Torralba, Antonio and Fidler, Sanja},
  booktitle={Proceedings of the IEEE international conference on computer vision},
  pages={19--27},
  year={2015}
}

@article{showandtell,
   title={Show and Tell: Lessons Learned from the 2015 MSCOCO Image Captioning Challenge},
   volume={39},
   ISSN={2160-9292},
   url={http://dx.doi.org/10.1109/TPAMI.2016.2587640},
   DOI={10.1109/tpami.2016.2587640},
   number={4},
   journal={IEEE Transactions on Pattern Analysis and Machine Intelligence},
   publisher={Institute of Electrical and Electronics Engineers (IEEE)},
   author={Vinyals, Oriol and Toshev, Alexander and Bengio, Samy and Erhan, Dumitru},
   year={2017},
   month={04},
   pages={652â€“663}
}

@misc{skip-thought,
    title={Skip-Thought Vectors},
    author={Ryan Kiros and Yukun Zhu and Ruslan Salakhutdinov and Richard S. Zemel and Antonio Torralba and Raquel Urtasun and Sanja Fidler},
    year={2015},
    eprint={1506.06726},
    archivePrefix={arXiv},
    primaryClass={cs.CL}
}
